<collection xmlns="http://www.loc.gov/MARC21/slim">
<record>
  <leader>04328nam0a2200613 i 450 </leader>
  <controlfield tag="001">IT\ICCU\CNCE\035001</controlfield>
  <controlfield tag="005">20120203000000.0</controlfield>
  <datafield tag="012" ind1=" " ind2=" ">
    <subfield code="a">o-r, e.r. t.ue iubu (3) 1594 (R)</subfield>
    <subfield code="2">fei</subfield>
    <subfield code="9">1</subfield>
  </datafield>
  <datafield tag="012" ind1=" " ind2=" ">
    <subfield code="a">r-m, tai- tete buti (3) 1594 (R)</subfield>
    <subfield code="2">fei</subfield>
    <subfield code="9">2</subfield>
  </datafield>
  <datafield tag="100" ind1=" " ind2=" ">
    <subfield code="a">19980108d1594        0itac0103    ba</subfield>
  </datafield>
  <datafield tag="101" ind1=" " ind2=" ">
    <subfield code="a">LAT</subfield>
  </datafield>
  <datafield tag="102" ind1=" " ind2=" ">
    <subfield code="a">IT</subfield>
  </datafield>
  <datafield tag="200" ind1="1" ind2=" ">
    <subfield code="a">℗Iacobi Menochii iurisc. Papiensis, regii ducalisq. senatoris, ac redituum extraordinariorum regiae maiestatis catholicae, praesidis Mediolanensis, diuini atq. humani iuris scientia peritissimi, ℗De praesumptionibus, coniecturis, signis, &amp; indicijs, commentaria: in sex distincta libros, non antehac in lucem edita: varia, recondita perfectaque eruditione referta, et omnibus iudicia praesertim exercentibus, oppido quam necessaria. Hac editione Taurinensi ab eodem auctore multis in locis, &amp; integris capitibus aucta, &amp; locupletata, ac ... emendatiora reddita: adiecta sunt summaria, indexque omnium rerum, sententiarumque insignium locupletissimus summa vigilantia Ioachimi Haunoldi, cognomento Schultes, Nisseni Silesij iurisconsulti praestantissimi ...</subfield>
  </datafield>
  <datafield tag="210" ind1=" " ind2=" ">
    <subfield code="a">Augustae Taurinorum</subfield>
    <subfield code="c">apud Io. Dominicum Tarinum</subfield>
    <subfield code="d">1594</subfield>
  </datafield>
  <datafield tag="215" ind1=" " ind2=" ">
    <subfield code="a">2 pt.</subfield>
    <subfield code="d">fol</subfield>
  </datafield>
  <datafield tag="620" ind1=" " ind2=" ">
    <subfield code="a">IT</subfield>
    <subfield code="d">Torino</subfield>
  </datafield>
  <datafield tag="700" ind1=" " ind2="1">
    <subfield code="a">Menochio,</subfield>
    <subfield code="b">Giacomo</subfield>
    <subfield code="3">IT\ICCU\CNCA\001045</subfield>
  </datafield>
  <datafield tag="702" ind1=" " ind2="1">
    <subfield code="a">Haunold,</subfield>
    <subfield code="b">Joachim</subfield>
    <subfield code="3">IT\ICCU\CNCA\016715</subfield>
  </datafield>
  <datafield tag="702" ind1=" " ind2="1">
    <subfield code="a">Silesius,</subfield>
    <subfield code="b">Nisenius</subfield>
    <subfield code="3">IT\ICCU\CNCA\018850</subfield>
  </datafield>
  <datafield tag="712" ind1="0" ind2="0">
    <subfield code="a">Tarino, Giovanni Domenico</subfield>
    <subfield code="3">IT\ICCU\CNCT\000675</subfield>
    <subfield code="4">650</subfield>
  </datafield>
  <datafield tag="790" ind1=" " ind2="1">
    <subfield code="a">Menochio,</subfield>
    <subfield code="b">Iacopo</subfield>
    <subfield code="3">IT\ICCU\CNCA\019627</subfield>
    <subfield code="z">Menochio, Giacomo</subfield>
  </datafield>
  <datafield tag="790" ind1=" " ind2="1">
    <subfield code="a">Menochius,</subfield>
    <subfield code="b">Jacobus</subfield>
    <subfield code="3">IT\ICCU\CNCA\019628</subfield>
    <subfield code="z">Menochio, Giacomo</subfield>
  </datafield>
  <datafield tag="790" ind1=" " ind2="1">
    <subfield code="a">Menocchio,</subfield>
    <subfield code="b">Iacopo</subfield>
    <subfield code="3">IT\ICCU\CNCA\019669</subfield>
    <subfield code="z">Menochio, Giacomo</subfield>
  </datafield>
  <datafield tag="791" ind1="0" ind2="0">
    <subfield code="a">Tarinus, Ioannes Dominicus</subfield>
    <subfield code="3">IT\ICCU\CNCT\005573</subfield>
    <subfield code="z">Tarino, Giovanni Domenico</subfield>
  </datafield>
  <datafield tag="801" ind1=" " ind2="3">
    <subfield code="a">IT</subfield>
    <subfield code="b">ICCU</subfield>
    <subfield code="c">20201114</subfield>
  </datafield>
  <datafield tag="899" ind1=" " ind2=" ">
    <subfield code="a">Biblioteca comunale Carlo Cameroni. Treviglio</subfield>
    <subfield code="1">BG0237</subfield>
    <subfield code="2">ZBG 04</subfield>
  </datafield>
  <datafield tag="899" ind1=" " ind2=" ">
    <subfield code="a">Biblioteca civica. Biella</subfield>
    <subfield code="z">MUTILO</subfield>
    <subfield code="1">BI0025</subfield>
    <subfield code="2">BIA BC</subfield>
  </datafield>
  <datafield tag="899" ind1=" " ind2=" ">
    <subfield code="a">Biblioteca provinciale dei Frati minori dell&apos;Emilia. Sezione Biblioteca dell&apos;Osservanza. Bologna</subfield>
    <subfield code="1">BO0336</subfield>
    <subfield code="2">ZBO 41</subfield>
  </datafield>
  <datafield tag="899" ind1=" " ind2=" ">
    <subfield code="a"></subfield>
    <subfield code="z">MUTILO</subfield>
    <subfield code="1">BS0156</subfield>
    <subfield code="2">ZBS 07</subfield>
  </datafield>
  <datafield tag="899" ind1=" " ind2=" ">
    <subfield code="a">Biblioteca civica. Cuneo</subfield>
    <subfield code="1">CN0037</subfield>
    <subfield code="2">TO0 50</subfield>
  </datafield>
  <datafield tag="899" ind1=" " ind2=" ">
    <subfield code="a">Biblioteca civica. Fossano</subfield>
    <subfield code="z">MUTILO</subfield>
    <subfield code="1">CN0049</subfield>
    <subfield code="2">TO0 52</subfield>
  </datafield>
  <datafield tag="899" ind1=" " ind2=" ">
    <subfield code="a">Biblioteca Apostolica Vaticana. Citt ̉del Vaticano</subfield>
    <subfield code="1">EX0001</subfield>
    <subfield code="2">ZCV 01</subfield>
  </datafield>
  <datafield tag="899" ind1=" " ind2=" ">
    <subfield code="a">Biblioteca comunale Francesco Antolisei. San Severino Marche</subfield>
    <subfield code="1">MC0075</subfield>
    <subfield code="2">UMC FA</subfield>
  </datafield>
  <datafield tag="899" ind1=" " ind2=" ">
    <subfield code="a">Biblioteca di Ateneo dell&apos;Universit ̉cattolica del Sacro Cuore. Milano</subfield>
    <subfield code="1">MI0291</subfield>
    <subfield code="2">ZMI 18</subfield>
  </datafield>
  <datafield tag="899" ind1=" " ind2=" ">
    <subfield code="a">Biblioteca del Dipartimento di diritto privato e storia del diritto dell&apos;Universit ̉degli studi di Milano. Milano</subfield>
    <subfield code="1">MI1334</subfield>
    <subfield code="2">USM L1</subfield>
  </datafield>
  <datafield tag="899" ind1=" " ind2=" ">
    <subfield code="a">Biblioteca comunale Teresiana. Mantova</subfield>
    <subfield code="1">MN0035</subfield>
    <subfield code="2">LO1 12</subfield>
  </datafield>
  <datafield tag="899" ind1=" " ind2=" ">
    <subfield code="a">Biblioteca pubblica e Casa della cultura. Fondazione Achille Marazza. Borgomanero</subfield>
    <subfield code="1">NO0011</subfield>
    <subfield code="2">TO0 D6</subfield>
  </datafield>
  <datafield tag="899" ind1=" " ind2=" ">
    <subfield code="a">Biblioteca del Seminario teologico filosofico di S. Gaudenzio. Novara</subfield>
    <subfield code="1">NO0064</subfield>
    <subfield code="2">TO0 Y5</subfield>
  </datafield>
  <datafield tag="899" ind1=" " ind2=" ">
    <subfield code="a">Biblioteca comunale Tranquillo Graziani. Cascia</subfield>
    <subfield code="1">PG0023</subfield>
    <subfield code="2">UM1 13</subfield>
  </datafield>
  <datafield tag="899" ind1=" " ind2=" ">
    <subfield code="a">Biblioteca comunale Augusta. Perugia</subfield>
    <subfield code="1">PG0109</subfield>
    <subfield code="2">UM1 01</subfield>
  </datafield>
  <datafield tag="899" ind1=" " ind2=" ">
    <subfield code="a">Biblioteca dell&apos;Almo collegio teologico. Parma</subfield>
    <subfield code="1">PR0041</subfield>
    <subfield code="2">ZPR 02</subfield>
  </datafield>
  <datafield tag="899" ind1=" " ind2=" ">
    <subfield code="a">Biblioteca comunale Forteguerriana. Pistoia</subfield>
    <subfield code="1">PT0025</subfield>
    <subfield code="2">RT1 IE</subfield>
  </datafield>
  <datafield tag="899" ind1=" " ind2=" ">
    <subfield code="a">Biblioteca del Seminario vescovile. Pavia</subfield>
    <subfield code="1">PV0074</subfield>
    <subfield code="2">PAV R1</subfield>
  </datafield>
  <datafield tag="899" ind1=" " ind2=" ">
    <subfield code="a">Biblioteca universitaria. Pavia</subfield>
    <subfield code="z">MUTILO</subfield>
    <subfield code="1">PV0291</subfield>
    <subfield code="2">MIL UP</subfield>
  </datafield>
  <datafield tag="899" ind1=" " ind2=" ">
    <subfield code="a">Biblioteca nazionale centrale. Roma</subfield>
    <subfield code="1">RM0267</subfield>
    <subfield code="2">BVE CR</subfield>
  </datafield>
  <datafield tag="899" ind1=" " ind2=" ">
    <subfield code="a">Biblioteca provinciale. Salerno</subfield>
    <subfield code="1">SA0063</subfield>
    <subfield code="2">CAM PS</subfield>
  </datafield>
  <datafield tag="899" ind1=" " ind2=" ">
    <subfield code="a">Biblioteca statale del Monumento nazionale. Cava dei Tirreni</subfield>
    <subfield code="1">SA0088</subfield>
    <subfield code="2">NAP 95</subfield>
  </datafield>
  <datafield tag="899" ind1=" " ind2=" ">
    <subfield code="a">Biblioteca di area Giuridico Politologica dell&apos;Universit ̉di Siena. Siena</subfield>
    <subfield code="1">SI0104</subfield>
    <subfield code="2">RT1 QU</subfield>
  </datafield>
  <datafield tag="899" ind1=" " ind2=" ">
    <subfield code="a">Biblioteca diocesana mons. Alessandro Piazza. Albenga</subfield>
    <subfield code="z">MUTILO</subfield>
    <subfield code="1">SV0226</subfield>
    <subfield code="2">PBE Q8</subfield>
  </datafield>
  <datafield tag="899" ind1=" " ind2=" ">
    <subfield code="a">Biblioteca nazionale universitaria. Torino</subfield>
    <subfield code="1">TO0265</subfield>
    <subfield code="2">TO0 02</subfield>
  </datafield>
  <datafield tag="899" ind1=" " ind2=" ">
    <subfield code="a">Biblioteca storica della Provincia di Torino. Torino</subfield>
    <subfield code="1">TO0277</subfield>
    <subfield code="2">TO0 06</subfield>
  </datafield>
  <datafield tag="899" ind1=" " ind2=" ">
    <subfield code="a">Biblioteca agnesiana e diocesana. Vercelli</subfield>
    <subfield code="1">VC0072</subfield>
    <subfield code="2">TO0 C4</subfield>
  </datafield>
  <datafield tag="911" ind1=" " ind2=" ">
    <subfield code="a">Sui front.</subfield>
    <subfield code="9">IT\ICCU\CNCM\001638</subfield>
  </datafield>
  <datafield tag="921" ind1=" " ind2=" ">
    <subfield code="a">IT\ICCU\CNCM\001638</subfield>
    <subfield code="b">Leone rampante con serpente intorno al collo. In basso scudo con iniziali GDT. In cornice figurata</subfield>
    <subfield code="e">Nec solis viribus</subfield>
    <subfield code="c">U522</subfield>
    <subfield code="d">Dimensioni: 15 x 16</subfield>
    <subfield code="f">LEONE</subfield>
    <subfield code="f">SERPENTE</subfield>
    <subfield code="g">1594</subfield>
  </datafield>
</record>
</collection>
